<record><leader>00000cas a22000007a 4500</leader><controlfield tag="001">11167286</controlfield><controlfield tag="008">840918c19659999wiuwr ne      0   a0eng d</controlfield><datafield ind1=" " ind2=" " tag="010"><subfield code="a">sn 84001228 </subfield></datafield><datafield ind1=" " ind2=" " tag="040"><subfield code="a">NSD</subfield><subfield code="b">eng</subfield><subfield code="c">NSD</subfield><subfield code="d">NPV</subfield><subfield code="d">OCLCQ</subfield></datafield><datafield ind1=" " ind2=" " tag="012"><subfield code="l">1</subfield><subfield code="m">1</subfield></datafield><datafield ind1="1" ind2=" " tag="022"><subfield code="a">0749-7156</subfield><subfield code="l">0749-7156</subfield><subfield code="2">1</subfield></datafield><datafield ind1="1" ind2=" " tag="029"><subfield code="a">AU@</subfield><subfield code="b">000025827990</subfield></datafield><datafield ind1=" " ind2=" " tag="032"><subfield code="a">495020</subfield><subfield code="b">USPS</subfield></datafield><datafield ind1=" " ind2=" " tag="037"><subfield code="b">Royal Publishing, Inc., 214 State St., Racine, WI 53403</subfield></datafield><datafield ind1=" " ind2=" " tag="042"><subfield code="a">nsdp</subfield></datafield><datafield ind1=" " ind2=" " tag="045"><subfield code="a">x6--</subfield></datafield><datafield ind1=" " ind2=" " tag="052"><subfield code="a">4123</subfield><subfield code="b">R2</subfield></datafield><datafield ind1=" " ind2="4" tag="222"><subfield code="a">The Shoreline leader</subfield></datafield><datafield ind1="0" ind2="0" tag="245"><subfield code="a">Shoreline leader.</subfield></datafield><datafield ind1="0" ind2="3" tag="246"><subfield code="a">Racine shoreline leader!</subfield></datafield><datafield ind1=" " ind2=" " tag="260"><subfield code="a">Racine, Wis. :</subfield><subfield code="b">Royal Pub., Inc.,</subfield><subfield code="c">1965-</subfield></datafield><datafield ind1=" " ind2=" " tag="300"><subfield code="a">v. :</subfield><subfield code="b">ill.</subfield></datafield><datafield ind1=" " ind2=" " tag="310"><subfield code="a">Weekly</subfield></datafield><datafield ind1=" " ind2=" " tag="321"><subfield code="a">Weekly,</subfield><subfield code="b">March 25, 1965-Aug. 11, 1966</subfield></datafield><datafield ind1=" " ind2=" " tag="321"><subfield code="a">Semiweekly,</subfield><subfield code="b">Aug. 18-Oct. 3, 1966</subfield></datafield><datafield ind1="0" ind2=" " tag="362"><subfield code="a">Vol. 1, no. 1 (March 25, 1965)-</subfield></datafield><datafield ind1=" " ind2=" " tag="500"><subfield code="a">Title varies: Racine shoreline leader!, May 29, 1969-Jan. 1, 1970.</subfield></datafield><datafield ind1=" " ind2=" " tag="500"><subfield code="a">"Serving: Racine, Sturtevant, Mt. Pleasant, Franksville, Caledonia, Union Grove."</subfield></datafield><datafield ind1=" " ind2=" " tag="500"><subfield code="a">Editors: I.W. Muehleisen, March 25, 1965-July 28, 1966; G.J. Pfarr, June 6, 1968-May 15, 1969; S. Sargent, May 29-Sept. 18, 1969; J.J. Erdmann, Jan. 1,1970-Dec. 31, 1980; N.T. Monson, Jan. 8, 1981-</subfield></datafield><datafield ind1=" " ind2=" " tag="752"><subfield code="a">United States</subfield><subfield code="b">Wisconsin</subfield><subfield code="c">Racine</subfield><subfield code="d">Racine.</subfield></datafield><datafield ind1=" " ind2=" " tag="752"><subfield code="a">United States</subfield><subfield code="b">Wisconsin</subfield><subfield code="c">Racine</subfield><subfield code="d">Sturtevant.</subfield></datafield><datafield ind1=" " ind2=" " tag="752"><subfield code="a">United States</subfield><subfield code="b">Wisconsin</subfield><subfield code="c">Racine</subfield><subfield code="d">Franksville.</subfield></datafield><datafield ind1=" " ind2=" " tag="752"><subfield code="a">United States</subfield><subfield code="b">Wisconsin</subfield><subfield code="c">Racine</subfield><subfield code="d">Mt. Pleasant.</subfield></datafield><datafield ind1=" " ind2=" " tag="752"><subfield code="a">United States</subfield><subfield code="b">Wisconsin</subfield><subfield code="c">Racine</subfield><subfield code="d">Caledonia.</subfield></datafield><datafield ind1=" " ind2=" " tag="752"><subfield code="a">United States</subfield><subfield code="b">Wisconsin</subfield><subfield code="c">Racine</subfield><subfield code="d">Union Grove.</subfield></datafield></record>